<record><leader>00000cas a22000007a 4500</leader><controlfield tag="001">36068317</controlfield><controlfield tag="008">961211c19039999okuwr n       0    0eng d</controlfield><datafield ind1=" " ind2=" " tag="010"><subfield code="a">sn 96093281 </subfield></datafield><datafield ind1=" " ind2=" " tag="040"><subfield code="a">OBN</subfield><subfield code="b">eng</subfield><subfield code="c">OBN</subfield><subfield code="d">OCLCQ</subfield><subfield code="d">OCLCF</subfield><subfield code="d">OCLCO</subfield></datafield><datafield ind1="1" ind2=" " tag="029"><subfield code="a">AU@</subfield><subfield code="b">000012971953</subfield></datafield><datafield ind1=" " ind2=" " tag="042"><subfield code="a">msc</subfield></datafield><datafield ind1=" " ind2=" " tag="043"><subfield code="a">n-us-ok</subfield></datafield><datafield ind1="0" ind2="0" tag="245"><subfield code="a">Eldorado courier.</subfield></datafield><datafield ind1="3" ind2=" " tag="246"><subfield code="a">El Dorado courier</subfield></datafield><datafield ind1=" " ind2=" " tag="260"><subfield code="a">Eldorado, Greer County, Okla. :</subfield><subfield code="b">James Edwin Kelly</subfield></datafield><datafield ind1=" " ind2=" " tag="300"><subfield code="a">v.</subfield></datafield><datafield ind1=" " ind2=" " tag="310"><subfield code="a">Weekly</subfield></datafield><datafield ind1=" " ind2=" " tag="588"><subfield code="a">Description based on: Vol. 3, no. 6 (Aug. 26, 1904).</subfield></datafield><datafield ind1=" " ind2="0" tag="651"><subfield code="a">Eldorado (Okla.)</subfield><subfield code="v">Newspapers.</subfield></datafield><datafield ind1=" " ind2="0" tag="651"><subfield code="a">Jackson County (Okla.)</subfield><subfield code="v">Newspapers.</subfield></datafield><datafield ind1=" " ind2="7" tag="655"><subfield code="a">Newspapers.</subfield><subfield code="2">fast</subfield><subfield code="0">(OCoLC)fst01423814</subfield></datafield><datafield ind1=" " ind2="7" tag="651"><subfield code="a">Oklahoma</subfield><subfield code="z">Eldorado.</subfield><subfield code="2">fast</subfield><subfield code="0">(OCoLC)fst01871749</subfield></datafield><datafield ind1=" " ind2="7" tag="651"><subfield code="a">Oklahoma</subfield><subfield code="z">Jackson County.</subfield><subfield code="2">fast</subfield><subfield code="0">(OCoLC)fst01215604</subfield></datafield><datafield ind1=" " ind2=" " tag="752"><subfield code="a">United States</subfield><subfield code="b">Oklahoma</subfield><subfield code="c">Jackson</subfield><subfield code="d">Eldorado.</subfield></datafield><datafield ind1="0" ind2="0" tag="780"><subfield code="t">Eldorado light</subfield></datafield><datafield ind1="0" ind2="5" tag="780"><subfield code="t">Olustee chieftain</subfield><subfield code="w">(DLC)sn 96093282</subfield><subfield code="w">(OCoLC)36068335</subfield></datafield></record>